@inproceedings{mandziuk2019deepiq,
  title={{DeepIQ: A Human-Inspired AI System for Solving IQ Test Problems}},
  author={Ma{\'n}dziuk, Jacek and {\.Z}ychowski, Adam},
  booktitle={2019 International Joint Conference on Neural Networks (IJCNN)},
  pages={1--8},
  year={2019},
  organization={IEEE}
}
@article{santoro2018measuring,
    author = {David G. T. Barrett and
Felix Hill and
 Adam Santoro and
 Ari S. Morcos and
 Timothy P. Lillicrap},
    title = {{Measuring abstract reasoning in neural networks}},
    journal = {International Conference on Machine Learning (ICML)},
    year = {2018},
}
@inproceedings{zhang2019learning,
    title = {{Learning perceptual inference by contrasting}},
    author = {Zhang, Chi and Jia, Baoxiong and Gao, Feng and Zhu, Yixin and Lu, Hongjing and Zhu, Song-Chun},
    booktitle = {Advances in Neural Information Processing Systems (NeurIPS)},
    pages = {1075--1087},
    year = {2019}
}
@article{hu2020hierarchical,
    title = {{Hierarchical Rule Induction Network for Abstract Visual Reasoning}},
    author = {Hu, Sheng and Ma, Yuqing and Liu, Xianglong and Wei, Yanlu and Bai, Shihao},
    journal = {arXiv preprint arXiv:2002.06838},
    year = {2020}
}
@article{wu2020scattering,
  title = {{The Scattering Compositional Learner: Discovering Objects, Attributes, Relationships in Analogical Reasoning}},
  author={Wu, Yuhuai and Dong, Honghua and Grosse, Roger and Ba, Jimmy},
  journal={arXiv preprint arXiv:2007.04212},
  year={2020}
}
@inproceedings{zhang2019raven,
    title = {{Raven: A dataset for relational and analogical visual reasoning}},
    author = {Zhang, Chi and Gao, Feng and Jia, Baoxiong and Zhu, Yixin and Zhu, Song-Chun},
    booktitle = {Proceedings of the IEEE Conference on Computer Vision and Pattern Recognition (CVPR)},
    pages = {5317--5327},
    year = {2019}
}
@article{khosla2020supervised,
    title = {{Supervised Contrastive Learning}},
    author = {Prannay Khosla and Piotr Teterwak and Chen Wang and Aaron Sarna and Yonglong Tian and Phillip Isola and Aaron Maschinot and Ce Liu and Dilip Krishnan},
    journal={arXiv preprint arXiv:2004.11362},
    year = {2020}
}
@article{malkinski2020multi,
  title={{Multi-Label Contrastive Learning for Abstract Visual Reasoning}},
  author={Ma{\l}ki{\'n}ski, Miko{\l}aj and Ma{\'n}dziuk, Jacek},
  journal={arXiv preprint arXiv:2012.01944},
  year={2020}
}
